% Bibliografia actualizada - Solo referencias utilizadas en el documento

@article{odu20255g,
  title={{5G-Practical Byzantine Fault Tolerance: An Improved PBFT Consensus Algorithm for the 5G Network}},
  author={ODU Digital Commons},
  year={2025},
  journal={ODU Digital Commons},
  note={Fecha de acceso: mayo 25, 2025, \url{https://digitalcommons.odu.edu/cgi/viewcontent.cgi?article=1111&context=itds_facpubs}}
}

@misc{businesswire2025blockchain,
  title={{Blockchain Technology Market Report 2025-2030: Hybrid ...}},
  author={Business Wire},
  year={2025},
  howpublished={Business Wire},
  note={Fecha de acceso: mayo 25, 2025, \url{https://www.businesswire.com/news/home/20250313854857/en/Blockchain-Technology-Market-Report-2025-2030-Hybrid-Blockchain-Leads-Market-Expansion---Key-Use-Cases-Industry-Trends-to-2030---ResearchAndMarkets.com}}
}

@misc{charterglobal2025top,
  title={{Top Blockchain Trends for 2025: The Future of Digital Innovation}},
  author={Charter Global},
  year={2025},
  howpublished={Charter Global},
  note={Fecha de acceso: mayo 25, 2025, \url{https://www.charterglobal.com/blockchain-trends/}}
}

@misc{visa2025what,
  title={{What are Consensus Mechanisms?}},
  author={Mustafa Bedawala},
  year={2023},
  howpublished={Visa},
  note={Fecha de acceso: mayo 25, 2025, \url{https://usa.visa.com/solutions/crypto/consensus-mechanisms.html}}
}

@article{researchgate2025systematic,
  title={{(PDF) A Systematic Literature Review on Blockchain Consensus ...}},
  author={ResearchGate},
  year={2024},
  journal={ResearchGate},
  note={Fecha de acceso: mayo 25, 2025, \url{https://www.researchgate.net/publication/385669465_A_Systematic_Literature_Review_on_Blockchain_Consensus_Mechanisms'_Security_Applications_and_Open_Challenges}}
}

@article{researchgate2018towards,
  title={{(PDF) Towards a Survey of Interactive Visualization for Education}},
  author={ResearchGate},
  year={2018},
  journal={ResearchGate},
  note={Fecha de acceso: mayo 25, 2025, \url{https://www.researchgate.net/publication/329281755_Towards_a_Survey_of_Interactive_Visualization_for_Education}}
}

@techreport{stanford2025rodger,
  title={{RodgerSusanDuke.pdf}},
  author={Stanford University},
  year={2025},
  institution={Stanford University},
  note={Fecha de acceso: mayo 25, 2025, \url{https://stacks.stanford.edu/file/druid:mn485tg1952/RodgerSusanDuke.pdf}}
}

@misc{chronicle2025impact,
  title={{The Impact of Socialization and Tacit Knowledge on Blockchain ...}},
  author={The Chronicle of Higher Education},
  year={2025},
  howpublished={The Chronicle of Higher Education},
  note={Fecha de acceso: mayo 25, 2025, \url{https://sponsored.chronicle.com/the-impact-of-socialization-and-tacit-knowledge-on-blockchain-education/index.html}}
}

@misc{github2025jiechen257,
  title={{jiechen257/blockchain-visualizer: An interactive web tool ...}},
  author={GitHub - jiechen257},
  year={2025},
  howpublished={GitHub},
  note={Fecha de acceso: mayo 25, 2025, \url{https://github.com/jiechen257/blockchain-visualizer}}
}

@misc{raftgithub2025raft,
  title={{Raft Consensus Algorithm}},
  author={Raft Consensus Algorithm},
  year={2025},
  howpublished={raft.github.io},
  note={Fecha de acceso: mayo 25, 2025, \url{https://raft.github.io/}}
}

@misc{arxiv2025comparative,
  title={{Comparative Analysis of Blockchain Systems}},
  author={arXiv},
  year={2025},
  howpublished={arXiv},
  note={Fecha de acceso: mayo 25, 2025, \url{https://arxiv.org/html/2505.08652v1}}
}

@misc{businesswire2025blockchain,
  title={{Blockchain Technology Market Report 2025-2030: Hybrid ...}},
  author={Business Wire},
  year={2025},
  howpublished={Business Wire},
  note={Fecha de acceso: mayo 25, 2025, \url{https://www.businesswire.com/news/home/20250313854857/en/Blockchain-Technology-Market-Report-2025-2030-Hybrid-Blockchain-Leads-Market-Expansion---Key-Use-Cases-Industry-Trends-to-2030---ResearchAndMarkets.com}}
}

@misc{charterglobal2025top,
  title={{Top Blockchain Trends for 2025: The Future of Digital Innovation}},
  author={Charter Global},
  year={2025},
  howpublished={Charter Global},
  note={Fecha de acceso: mayo 25, 2025, \url{https://www.charterglobal.com/blockchain-trends/}}
}

@misc{globenewswire2025blockchain,
  title={{Blockchain Technology Market Outlook 2025-2030, with - GlobeNewswire}},
  author={GlobeNewswire},
  year={2025},
  howpublished={GlobeNewswire},
  note={Fecha de acceso: mayo 25, 2025, \url{https://www.globenewswire.com/news-release/2025/03/05/3037648/28124/en/Blockchain-Technology-Market-Outlook-2025-2030-with-Blockchain-Market-Case-Studies-for-Honeywell-Aerospace-SGX-Zug-Digital-ING-Group-and-more.html}}
}

@misc{finextra2025blockchain,
  title={{Blockchain and Crypto trends 2025: Further integration with traditional finance}},
  author={Finextra},
  year={2025},
  howpublished={Finextra},
  note={Fecha de acceso: mayo 25, 2025, \url{https://www.finextra.com/blogposting/27701/blockchain-and-crypto-trends-2025-further-integration-with-traditional-finance}}
}

@misc{101blockchains2025future,
  title={{Future of Blockchain Technology in 2025: Trends, Innovations & Opportunities}},
  author={101 Blockchains},
  year={2025},
  howpublished={101 Blockchains},
  note={Fecha de acceso: mayo 25, 2025, \url{https://101blockchains.com/future-of-blockchain-technology/}}
}

@misc{webisoft202540,
  title={{40 Blockchain Applications | Real-World Use Cases in 2025 ...}},
  author={Webisoft},
  year={2025},
  howpublished={Webisoft},
  note={Fecha de acceso: mayo 25, 2025, \url{https://webisoft.com/articles/blockchain-applications/}}
}

@misc{visa2025what,
  title={{What are Consensus Mechanisms?}},
  author={Mustafa Bedawala},
  year={2023},
  howpublished={Visa},
  note={Fecha de acceso: mayo 25, 2025, \url{https://usa.visa.com/solutions/crypto/consensus-mechanisms.html}}
}

@article{researchgate2025systematic,
  title={{(PDF) A Systematic Literature Review on Blockchain Consensus ...}},
  author={ResearchGate},
  year={2024},
  journal={ResearchGate},
  note={Fecha de acceso: mayo 25, 2025, \url{https://www.researchgate.net/publication/385669465_A_Systematic_Literature_Review_on_Blockchain_Consensus_Mechanisms'_Security_Applications_and_Open_Challenges}}
}

@misc{rapidinnovation2025blockchain,
  title={{Blockchain Consensus Mechanisms: Complete Guide | PoW to ...}},
  author={Rapid Innovation},
  year={2025},
  howpublished={Rapid Innovation},
  note={Fecha de acceso: mayo 25, 2025, \url{https://www.rapidinnovation.io/post/consensus-mechanisms-in-blockchain-proof-of-work-vs-proof-of-stake-and-beyond}}
}

@article{mdpi2025blockchain,
  title={{Blockchain Consensus Mechanisms: A Bibliometric Analysis (2014â€“2024) Using VOSviewer and R Bibliometrix}},
  author={MDPI},
  year={2025},
  journal={MDPI},
  note={Fecha de acceso: mayo 25, 2025, \url{https://www.mdpi.com/2078-2489/15/10/644}}
}

@article{researchgate2025comprehensive,
  title={{(PDF) A Comprehensive Review of Blockchain Consensus ...}},
  author={ResearchGate},
  year={2025},
  journal={ResearchGate},
  note={Fecha de acceso: mayo 25, 2025, \url{https://www.researchgate.net/publication/350031088_A_Comprehensive_Review_of_Blockchain_Consensus_Mechanisms}}
}

@article{philarchive2025block,
  title={{Block chain Scalability: Overcoming Security and Performance Barriers}},
  author={PhilArchive},
  year={2025},
  journal={PhilArchive},
  note={Fecha de acceso: mayo 25, 2025, \url{https://philarchive.org/archive/RAJBCS}}
}

@misc{stonex2025what,
  title={{What is Proof of Work (PoW)}},
  author={StoneX},
  year={2025},
  howpublished={StoneX},
  note={Fecha de acceso: mayo 25, 2025, \url{https://www.stonex.com/en/financial-glossary/proof-of-work/}}
}

@misc{debutinfotech2025proof,
  title={{Proof of Work: The Backbone of Blockchain Security}},
  author={Debut Infotech},
  year={2025},
  howpublished={Debut Infotech},
  note={Fecha de acceso: mayo 25, 2025, \url{https://www.debutinfotech.com/blog/proof-of-work}}
}

@misc{gemini2025what,
  title={{What Is Proof-of-Stake (PoS) in Crypto, and How Does It Work ...}},
  author={Gemini},
  year={2025},
  howpublished={Gemini},
  note={Fecha de acceso: mayo 25, 2025, \url{https://www.gemini.com/cryptopedia/what-is-staking-crypto-proof-of-stake-pos-blockchains}}
}

@misc{chainlabo2025blockchain,
  title={{Blockchain Proof of Stake: Efficiency & Scalability}},
  author={ChainLabo},
  year={2025},
  howpublished={ChainLabo},
  note={Fecha de acceso: mayo 25, 2025, \url{https://www.chainlabo.com/blog/blockchain-proof-of-stake}}
}

@misc{vestinda2025crypto,
  title={{Crypto Staking Challenges: Why Not All Cryptocurrencies Stake}},
  author={Vestinda},
  year={2025},
  howpublished={Vestinda},
  note={Fecha de acceso: mayo 25, 2025, \url{https://www.vestinda.com/blog/crypto-staking-challenges}}
}

@misc{wikipedia2025proofwork,
  title={{Proof of work - Wikipedia}},
  author={Wikipedia},
  year={2025},
  howpublished={Wikipedia},
  note={Fecha de acceso: mayo 25, 2025, \url{https://en.wikipedia.org/wiki/Proof_of_work}}
}

@misc{asicmarketplace2025what,
  title={{What is Proof-of-Work (PoW)?}},
  author={Asic Marketplace},
  year={2025},
  howpublished={Asic Marketplace},
  note={Fecha de acceso: mayo 25, 2025, \url{https://asicmarketplace.com/blog/what-is-proof-of-work/}}
}

@misc{deltecbank2025proof,
  title={{A Proof of Stake Explanation}},
  author={Deltec Bank and Trust},
  year={2025},
  howpublished={Deltec Bank and Trust},
  note={Fecha de acceso: mayo 25, 2025, \url{https://www.deltecbank.com/news-and-insights/a-proof-of-stake-explanation/}}
}

@misc{mckinsey2025what,
  title={{What is proof of stake (PoS)?}},
  author={McKinsey},
  year={2025},
  howpublished={McKinsey},
  note={Fecha de acceso: mayo 25, 2025, \url{https://www.mckinsey.com/featured-insights/mckinsey-explainers/what-is-proof-of-stake}}
}

@misc{blockapps2025understanding,
  title={{Understanding Security Risks in Staking: A Guide to Proof of Stake (PoS) Risks}},
  author={BlockApps},
  year={2025},
  howpublished={BlockApps},
  note={Fecha de acceso: mayo 25, 2025, \url{https://blockapps.net/blog/understanding-security-risks-in-staking-a-guide-to-proof-of-stake-pos-risks/}}
}

@misc{microsoft2025thesis,
  title={{Thesis - MCASTRO}},
  author={Microsoft},
  year={2017},
  howpublished={Microsoft Research},
  note={Fecha de acceso: mayo 25, 2025, \url{https://www.microsoft.com/en-us/research/wp-content/uploads/2017/01/thesis-mcastro.pdf}}
}

@misc{gemini2025proof,
  title={{Proof of Stake vs. Delegated Proof of Stake: Full Guide}},
  author={Gemini},
  year={2025},
  howpublished={Gemini},
  note={Fecha de acceso: mayo 25, 2025, \url{https://www.gemini.com/cryptopedia/proof-of-stake-delegated-pos-dpos}}
}

@misc{droomdroom2025delegated,
  title={{Delegated Proof-of-Stake (DPoS): A Comprehensive Guide}},
  author={DroomDroom},
  year={2025},
  howpublished={DroomDroom},
  note={Fecha de acceso: mayo 25, 2025, \url{https://droomdroom.com/delegated-proof-of-stake-dpos-explained/}}
}

@misc{iacr2021eprint,
  title={{eprint.iacr.org}},
  author={IACR},
  year={2021},
  howpublished={IACR Cryptology ePrint Archive},
  note={Fecha de acceso: mayo 25, 2025, \url{https://eprint.iacr.org/2021/086.pdf}}
}

@misc{rapidinnovation2025understanding,
  title={{Understanding Delegated Proof of Stake (DPoS)}},
  author={Rapid Innovation},
  year={2025},
  howpublished={Rapid Innovation},
  note={Fecha de acceso: mayo 25, 2025, \url{https://www.rapidinnovation.io/post/what-is-delegated-proof-of-stake-dpos}}
}

@misc{weizmann2017paxos,
  title={{Paxos Made EPR}},
  author={{Wisdom Weizmann}},
  year={2017},
  howpublished={Weizmann Institute of Science},
  note={Fecha de acceso: mayo 25, 2025, \url{https://www.wisdom.weizmann.ac.il/~padon/paxos-made-epr-oopsla17.pdf}}
}

@techreport{imdea2018paxos,
  title={{Paxos Consensus, Deconstructed and Abstracted 1 Introduction}},
  author={{The IMDEA Software Institute}},
  year={2018},
  institution={The IMDEA Software Institute},
  note={Fecha de acceso: mayo 25, 2025, \url{https://software.imdea.org/~gotsman/papers/paxos-esop18.pdf}}
}

@article{researchgate2025raft,
  title={{Raft Consensus Algorithm: Simplicity and Robustness in Distributed Systems}},
  author={ResearchGate},
  year={2025},
  journal={ResearchGate},
  note={Fecha de acceso: mayo 25, 2025, \url{https://www.researchgate.net/publication/391464538_Raft_Consensus_Algorithm_Simplicity_and_Robustness_in_Distributed_Systems}}
}

@article{eajournals2025raft,
  title={{Raft Consensus Algorithm}},
  author={EA Journals},
  year={2025},
  journal={European-American Journals},
  note={Fecha de acceso: mayo 25, 2025, \url{https://eajournals.org/ejcsit/wp-content/uploads/sites/21/2025/05/Raft-Consensus-Algorithm.pdf}}
}

@misc{lcx2025proof,
  title={{Proof-of-Authority Explained}},
  author={LCX},
  year={2025},
  howpublished={LCX},
  note={Fecha de acceso: mayo 25, 2025, \url{https://www.lcx.com/proof-of-authority-explained/}}
}

@proceedings{ceurws2058,
  title={{CEUR Workshop Proceedings Vol-2058}},
  year={2025},
  editor={{CEUR-WS.org}},
  note={Fecha de acceso: mayo 25, 2025, \url{https://ceur-ws.org/Vol-2058/paper-06.pdf}}
}

@misc{geeksforgeeks2025proof,
  title={{Proof of Elapsed Time( PoET) in Blockchain}},
  author={GeeksforGeeks},
  year={2025},
  howpublished={GeeksforGeeks},
  note={Fecha de acceso: mayo 25, 2025, \url{https://www.geeksforgeeks.org/proof-of-elapsed-time-poet-in-blockchain/}}
}

@article{mdpi2025evolution,
  title={{The Evolution and Optimization Strategies of a PBFT Consensus Algorithm for Consortium Blockchains}},
  author={MDPI},
  year={2025},
  journal={MDPI},
  note={Fecha de acceso: mayo 25, 2025, \url{https://www.mdpi.com/2078-2489/16/4/268}}
}

@misc{arxiv2025active,
  title={{[2505.01139] Active Sybil Attack and Efficient Defense Strategy in IPFS DHT}},
  author={arXiv},
  year={2025},
  howpublished={arXiv},
  note={Fecha de acceso: mayo 25, 2025, \url{https://arxiv.org/abs/2505.01139}}
}

@misc{onesafe2025crypto,
  title={{Crypto Tools to Counter Sybil Attacks}},
  author={OneSafe Blog},
  year={2025},
  howpublished={OneSafe Blog},
  note={Fecha de acceso: mayo 25, 2025, \url{https://www.onesafe.io/blog/sybil-attacks-blockchain-compliance}}
}

@misc{keepnetlabs2025what,
  title={{What Is Blockchain? Blockchain In Cyber Security}},
  author={Keepnet Labs},
  year={2025},
  howpublished={Keepnet Labs},
  note={Fecha de acceso: mayo 25, 2025, \url{https://keepnetlabs.com/blog/what-is-blockchain-security-common-blockchain-security-challenges}}
}

@misc{helius2025proof,
  title={{Proof of History, Proof of Stake, Proof of Work - Explained}},
  author={Helius},
  year={2025},
  howpublished={Helius},
  note={Fecha de acceso: mayo 25, 2025, \url{https://www.helius.dev/blog/proof-of-history-proof-of-stake-proof-of-work-explained}}
}

@misc{learnmeabitcoin202551,
  title={{51% Attack | Rewriting the Blockchain}},
  author={Learn Me A Bitcoin},
  year={2025},
  howpublished={Learn Me A Bitcoin},
  note={Fecha de acceso: mayo 25, 2025, \url{https://learnmeabitcoin.com/technical/blockchain/51-attack/}}
}

@misc{arxiv2025sok,
  title={{SoK: Security Analysis of Blockchain-based Cryptocurrency}},
  author={arXiv},
  year={2025},
  howpublished={arXiv},
  note={Fecha de acceso: mayo 25, 2025, \url{https://arxiv.org/html/2503.22156v1}}
}

@article{scispace202551,
  title={{The 51% Attack on Blockchains: A Mining Behavior Study}},
  author={SciSpace},
  year={2025},
  journal={SciSpace},
  note={Fecha de acceso: mayo 25, 2025, \url{https://scispace.com/pdf/the-51-attack-on-blockchains-a-mining-behavior-study-14y7lt1tix.pdf}}
}

@misc{99bitcoins202551,
  title={{51% Attack Explained Simply + Real Life Example (2025 Updated)}},
  author={99Bitcoins},
  year={2025},
  howpublished={99Bitcoins},
  note={Fecha de acceso: mayo 25, 2025, \url{https://99bitcoins.com/wiki/51-percent-attack/}}
}

@misc{wikipedia2025proofstake,
  title={{Proof of stake - Wikipedia}},
  author={Wikipedia},
  year={2025},
  howpublished={Wikipedia},
  note={Fecha de acceso: mayo 25, 2025, \url{https://en.wikipedia.org/wiki/Proof_of_stake}}
}

@misc{maddevs2025what,
  title={{What Is Byzantine fault tolerance system? | System Design Glossary}},
  author={Mad Devs},
  year={2025},
  howpublished={Mad Devs},
  note={Fecha de acceso: mayo 25, 2025, \url{https://maddevs.io/glossary/byzantine-fault-tolerance-system/}}
}

@misc{web3labs2025pbft,
  title={{PBFT, IBFT and QBFT Consensus Algorithms Explained}},
  author={Web3 Labs},
  year={2025},
  howpublished={Web3 Labs Blog},
  note={Fecha de acceso: mayo 25, 2025, \url{https://blog.web3labs.com/web3development/comparing-byzantine-fault-tolerance-consensus-algorithms}}
}

@misc{reddit2018what,
  title={{What is the difference between normal Byzantine Fault Tolerance and Practical BFT, Asynchronous BFT, Delegated BFT etc? And which coins use which one? How do they relate to PoW and PoS etc?}},
  author={Reddit r/CryptoTechnology},
  year={2018},
  howpublished={Reddit},
  note={Fecha de acceso: mayo 25, 2025, \url{https://www.reddit.com/r/CryptoTechnology/comments/8782mb/what_is_the_difference_between_normal_byzantine/}}
}

@misc{geeksforgeeks2025practical,
  title={{practical Byzantine Fault Tolerance(pBFT)}},
  author={GeeksforGeeks},
  year={2025},
  howpublished={GeeksforGeeks},
  note={Fecha de acceso: mayo 25, 2025, \url{https://www.geeksforgeeks.org/practical-byzantine-fault-tolerancepbft/}}
}

@misc{iacr2025eprint,
  title={{eprint.iacr.org}},
  author={IACR},
  year={2025},
  howpublished={IACR Cryptology ePrint Archive},
  note={Fecha de acceso: mayo 25, 2025, \url{https://eprint.iacr.org/2025/637.pdf}}
}

@article{researchgate2021systematic,
  title={{A Systematic Literature Review of Blockchain Consensus Protocols}},
  author={ResearchGate},
  year={2021},
  journal={ResearchGate},
  note={Fecha de acceso: mayo 25, 2025, \url{https://www.researchgate.net/publication/354125184_A_Systematic_Literature_Review_of_Blockchain_Consensus_Protocols}}
}

@techreport{nott2018towards,
  title={{Towards a Survey of Interactive Visualization for Education}},
  author={{University of Nottingham}},
  year={2018},
  institution={University of Nottingham},
  note={Fecha de acceso: mayo 25, 2025, \url{https://people.cs.nott.ac.uk/pszrsl/research/star/education/firat18towards.pdf}}
}

@article{researchgate2018towards,
  title={{(PDF) Towards a Survey of Interactive Visualization for Education}},
  author={ResearchGate},
  year={2018},
  journal={ResearchGate},
  note={Fecha de acceso: mayo 25, 2025, \url{https://www.researchgate.net/publication/329281755_Towards_a_Survey_of_Interactive_Visualization_for_Education}}
}

@misc{bitpanda2025web3,
  title={{Web3 myths debunked: misconceptions, challenges and what's next ...}},
  author={Bitpanda Academy},
  year={2025},
  howpublished={Bitpanda},
  note={Fecha de acceso: mayo 25, 2025, \url{https://www.bitpanda.com/academy/en/lessons/web3-myths-debunked-misconceptions-challenges-and-what-s-next}}
}

@techreport{stanford2025rodger,
  title={{RodgerSusanDuke.pdf}},
  author={Stanford University},
  year={2025},
  institution={Stanford University},
  note={Fecha de acceso: mayo 25, 2025, \url{https://stacks.stanford.edu/file/druid:mn485tg1952/RodgerSusanDuke.pdf}}
}

@article{researchgate2016automated,
  title={{(PDF) Automated Interactive Visualization on Abstract Concepts in ...}},
  author={ResearchGate},
  year={2016},
  journal={ResearchGate},
  note={Fecha de acceso: mayo 25, 2025, \url{https://www.researchgate.net/publication/309273071_Automated_Interactive_Visualization_on_Abstract_Concepts_in_Computer_Science}}
}

@misc{chronicle2025impact,
  title={{The Impact of Socialization and Tacit Knowledge on Blockchain ...}},
  author={The Chronicle of Higher Education},
  year={2025},
  howpublished={The Chronicle of Higher Education},
  note={Fecha de acceso: mayo 25, 2025, \url{https://sponsored.chronicle.com/the-impact-of-socialization-and-tacit-knowledge-on-blockchain-education/index.html}}
}

@article{acadpub2018intelligent,
  title={{Intelligent process migration in heterogeneous distributed systems}},
  author={{Academic Publishing}},
  year={2018},
  journal={Journals - Academic Publishing},
  note={Fecha de acceso: mayo 25, 2025, \url{https://ojs.acad-pub.com/index.php/CAI/article/view/2018}}
}

@article{pmc2021distributed,
  title={{Distributed Spectrum Management in Cognitive Radio Networks by Consensus-Based Reinforcement Learning}},
  author={PMC - PubMed Central},
  year={2021},
  journal={PMC - PubMed Central},
  note={Fecha de acceso: mayo 25, 2025, \url{https://pmc.ncbi.nlm.nih.gov/articles/PMC8122937/}}
}

@misc{upacza2025repository,
  title={{repository.up.ac.za}},
  author={{University of Pretoria}},
  year={2025},
  howpublished={University of Pretoria Repository},
  note={Fecha de acceso: mayo 25, 2025, \url{https://repository.up.ac.za/bitstreams/ef046319-244a-4160-a8c3-01901524f6ff/download}}
}

@techreport{vanderbilt2017pads,
  title={{TETC17_PADS.pdf}},
  author={{Vanderbilt University}},
  year={2017},
  institution={Vanderbilt University},
  note={Fecha de acceso: mayo 25, 2025, \url{http://www.dre.vanderbilt.edu/~gokhale/WWW/papers/TETC17_PADS.pdf}}
}

@misc{phdprime2025steps,
  title={{Steps to Simulate Blockchain Networks Projects in MATLAB}},
  author={PhD Prime},
  year={2025},
  howpublished={PhD Prime},
  note={Fecha de acceso: mayo 25, 2025, \url{https://phdprime.com/how-to-simulate-blockchain-networks-projects-using-matlab/}}
}

@misc{arxiv2023blockemulator,
  title={{BlockEmulator: An Emulator Enabling to Test Blockchain Sharding Protocols}},
  author={arXiv},
  year={2023},
  howpublished={arXiv},
  note={Fecha de acceso: mayo 25, 2025, \url{https://arxiv.org/html/2311.03612v3}}
}

@misc{networksimulationtools2025blockchain,
  title={{Blockchain Network Simulator Projects | Is there any Blockchain simulators}},
  author={Network Simulation Tools},
  year={2025},
  howpublished={Network Simulation Tools},
  note={Fecha de acceso: mayo 25, 2025, \url{https://networksimulationtools.com/is-there-any-blockchain-simulators/}}
}

@techreport{rununlpt2022framework,
  title={{A FRAMEWORK FOR SPECIFICATION AND SIMULATION OF CONSENSUS PROTOCOLS}},
  author={RUN - RepositÃ³rio da Universidade Nova de Lisboa},
  year={2022},
  institution={RUN - RepositÃ³rio da Universidade Nova de Lisboa},
  note={Fecha de acceso: mayo 25, 2025, \url{https://run.unl.pt/bitstream/10362/169642/1/Alves_2022.pdf}}
}

@misc{scribd2025vibes,
  title={{Vibes-mw-VIBES Fast Blockchain Simulations F}},
  author={Scribd},
  year={2025},
  howpublished={Scribd},
  note={Fecha de acceso: mayo 25, 2025, \url{https://www.scribd.com/document/713105913/Vibes-mw-VIBES-Fast-Blockchain-Simulations-f}}
}

@misc{arxiv2019simblock,
  title={{SimBlock: A Blockchain Network Simulator}},
  author={arXiv},
  year={2019},
  howpublished={arXiv},
  note={Fecha de acceso: mayo 25, 2025, \url{https://arxiv.org/pdf/1901.09777}}
}

@article{ijisae2025implementation,
  title={{Implementation of Parallel Proof of Work Algorithm for Blockchain Using SimBlock Simulator}},
  author={IJISAE},
  year={2025},
  journal={International Journal of Information System and Engineering},
  note={Fecha de acceso: mayo 25, 2025, \url{https://ijisae.org/index.php/IJISAE/article/download/6079/4991/11319}}
}

@techreport{dpssinescid2025blocksim,
  title={{BlockSim: Blockchain Simulator}},
  author={{Distributed Systems Group, INESC-ID}},
  year={2025},
  institution={INESC-ID},
  note={Fecha de acceso: mayo 25, 2025, \url{https://www.dpss.inesc-id.pt/~mpc/pubs/Paper_BlockSim-final.pdf}}
}

@article{mdpi2025blockchainnetwork,
  title={{A Blockchain Network Communication Architecture Based on Information-Centric Networking}},
  author={MDPI},
  year={2025},
  journal={MDPI},
  note={Fecha de acceso: mayo 25, 2025, \url{https://www.mdpi.com/2076-3417/15/6/3340}}
}

@article{researchgate2022open,
  title={{(PDF) Open Geospatial Consortium (OGC) Interoperable Simulation and Gaming Sprint Engineering Report}},
  author={ResearchGate},
  year={2022},
  journal={ResearchGate},
  note={Fecha de acceso: mayo 25, 2025, \url{https://www.researchgate.net/publication/357394775_Open_Geospatial_Consortium_OGC_Interoperable_Simulation_and_Gaming_Sprint_Engineering_Report}}
}

@inproceedings{csientu2022tool,
  title={{Tool: An Efficient and Flexible Simulator for Byzantine Fault-Tolerant Protocols}},
  author={{IEEE}},
  year={2022},
  booktitle={DSN},
  note={Fecha de acceso: mayo 25, 2025, \url{https://www.csie.ntu.edu.tw/~hchsiao/pub/2022_IEEE_DSN_BFTSimulator.pdf}}
}

@misc{bftsimorg2025bftsim,
  title={{BFTSim: A Framework for Comparing Byzantine Fault Tolerant ...}},
  author={BFTSim},
  year={2025},
  howpublished={bftsim.mpi-sws.org},
  note={Fecha de acceso: mayo 25, 2025, \url{https://bftsim.mpi-sws.org/}}
}

@misc{github2025simulation,
  title={{Simulation of several BFT consensus algorithms for benchmarking}},
  author={GitHub - 0xPolygonZero},
  year={2025},
  howpublished={GitHub},
  note={Fecha de acceso: mayo 25, 2025, \url{https://github.com/0xPolygonZero/bft-simulation}}
}

@misc{github2025jiechen257,
  title={{jiechen257/blockchain-visualizer: An interactive web tool ...}},
  author={GitHub - jiechen257},
  year={2025},
  howpublished={GitHub},
  note={Fecha de acceso: mayo 25, 2025, \url{https://github.com/jiechen257/blockchain-visualizer}}
}

@misc{github2025deistools,
  title={{DEIS-Tools/DistributedExercisesAAU}},
  author={GitHub - DEIS-Tools},
  year={2025},
  howpublished={GitHub},
  note={Fecha de acceso: mayo 25, 2025, \url{https://github.com/DEIS-Tools/DistributedExercisesAAU}}
}

@misc{github2025deistoolsexercise,
  title={{DistributedExercisesAAU/exercise\_runner\_overlay.py at main Â· DEIS-Tools ...}},
  author={GitHub - DEIS-Tools},
  year={2025},
  howpublished={GitHub},
  note={Fecha de acceso: mayo 25, 2025, \url{https://github.com/DEIS-Tools/DistributedExercisesAAU/blob/main/exercise_runner_overlay.py}}
}

@misc{github2025deistoolsmain,
  title={{DEIS Tools}},
  author={GitHub - DEIS-Tools},
  year={2025},
  howpublished={GitHub},
  note={Fecha de acceso: mayo 25, 2025, \url{https://github.com/DEIS-Tools}}
}

@misc{raftgithub2025raft,
  title={{Raft Consensus Algorithm}},
  author={Raft Consensus Algorithm},
  year={2025},
  howpublished={raft.github.io},
  note={Fecha de acceso: mayo 25, 2025, \url{https://raft.github.io/}}
}

@misc{geeksforgeeks2025raft,
  title={{Raft Consensus Algorithm}},
  author={GeeksforGeeks},
  year={2025},
  howpublished={GeeksforGeeks},
  note={Fecha de acceso: mayo 25, 2025, \url{https://www.geeksforgeeks.org/raft-consensus-algorithm/}}
}

@misc{thesquareplanet2025students,
  title={{Students' Guide to Raft}},
  author={Jon Gjengset},
  year={2025},
  howpublished={The Square Planet},
  note={Fecha de acceso: mayo 25, 2025, \url{https://thesquareplanet.com/blog/students-guide-to-raft/}}
}

@techreport{stanfordcs2020paxos,
  title={{Paxos Visualization.pdf}},
  author={{Stanford University CS Department}},
  year={2020},
  institution={Stanford University},
  note={Fecha de acceso: mayo 25, 2025, \url{https://www.scs.stanford.edu/20sp-cs244b/projects/Paxos%20Visualization.pdf}}
}

@misc{idealsillinois2025paxos,
  title={{PAXOS VISUALIZATION}},
  author={IDEALS Illinois},
  year={2025},
  howpublished={IDEALS - University of Illinois at Urbana-Champaign},
  note={Fecha de acceso: mayo 25, 2025, \url{https://www.ideals.illinois.edu/items/131872}}
}

@misc{ibm2025blockchain,
  title={{The Blockchain Game: A great new tool for your classroom}},
  author={IBM},
  year={2025},
  howpublished={IBM},
  note={Fecha de acceso: mayo 25, 2025, \url{https://www.ibm.com/products/tutorials/the-blockchain-game-a-great-new-tool-for-your-classroom}}
}

@article{pmc2025blockchain,
  title={{Blockchain Integration in UAV Networks: Performance Metrics and Analysis}},
  author={PMC - PubMed Central},
  year={2025},
  journal={PMC - PubMed Central},
  note={Fecha de acceso: mayo 25, 2025, \url{https://pmc.ncbi.nlm.nih.gov/articles/PMC11644835/}}
}

@misc{slashdot2025top,
  title={{Top Blockchain Analysis Software in 2025}},
  author={Slashdot},
  year={2025},
  howpublished={Slashdot},
  note={Fecha de acceso: mayo 25, 2025, \url{https://slashdot.org/software/blockchain-analysis/}}
}

@misc{crystalintelligence2025crystals,
  title={{Crystal's blockchain visualization tool: Dig deeper into crypto asset data}},
  author={Crystal Intelligence},
  year={2025},
  howpublished={Crystal Intelligence},
  note={Fecha de acceso: mayo 25, 2025, \url{https://crystalintelligence.com/product-updates/crystals-blockchain-visualization-tool-dig-deeper-into-crypto-asset-data-with-our-best-in-class-solution/}}
}

@article{eric2023visualization,
  title={{EJ1403137 - Visualization of Education Blockchain Data: Trends and Challenges, Interactive Learning Environments, 2023}},
  author={ERIC},
  year={2023},
  journal={Interactive Learning Environments},
  note={Fecha de acceso: mayo 25, 2025, \url{https://eric.ed.gov/?q=learning+by+teaching&ff1=souInteractive+Learning+Environments&pg=3&id=EJ1403137}}
}

@misc{rccuchicago2025interactive,
  title={{Interactive Data visualization with D3.js and React}},
  author={{Research Computing Center - University of Chicago}},
  year={2025},
  howpublished={University of Chicago},
  note={Fecha de acceso: mayo 25, 2025, \url{https://rcc.uchicago.edu/content/interactive-data-visualization-d3js-and-react}}
}

@misc{sitepoint2025building,
  title={{Building Interactive Data Visualizations with D3.js and React ...}},
  author={SitePoint},
  year={2025},
  howpublished={SitePoint},
  note={Fecha de acceso: mayo 25, 2025, \url{https://www.sitepoint.com/d3-js-react-interactive-data-visualizations/}}
}

@misc{coinmetro2025pros,
  title={{The Pros and Cons of Different Blockchain Consensus Algorithms}},
  author={Coinmetro},
  year={2025},
  howpublished={Coinmetro},
  note={Fecha de acceso: mayo 25, 2025, \url{https://coinmetro.com/learning-lab/blockchain-consensus-algorithms}}
}

@misc{geeksforgeeks2025distributed,
  title={{Distributed Consensus in Distributed Systems}},
  author={GeeksforGeeks},
  year={2025},
  howpublished={GeeksforGeeks},
  note={Fecha de acceso: mayo 25, 2025, \url{https://www.geeksforgeeks.org/distributed-consensus-in-distributed-systems/}}
}

@article{researchgate2025consensus,
  title={{(PDF) Consensus Protocols in Multi-Cloud Distributed Databases ...}},
  author={ResearchGate},
  year={2025},
  journal={ResearchGate},
  note={Fecha de acceso: mayo 25, 2025, \url{https://www.researchgate.net/publication/389582910_Consensus_Protocols_in_Multi_Cloud_Distributed_Databases_Challenges_and_Solutions}}
}

@article{researchgate2002consensus,
  title={{The Consensus Problem in Unreliable Distributed Systems (A Brief ...}},
  author={ResearchGate},
  year={2002},
  journal={ResearchGate},
  note={Fecha de acceso: mayo 25, 2025, \url{https://www.researchgate.net/publication/2243990_The_Consensus_Problem_in_Unreliable_Distributed_Systems_A_Brief_Survey}}
}

@article{internationalpubls2025optimization,
  title={{Optimization of Fault Tolerance in Distributed Systems via Consensus Protocol}},
  author={International Publications},
  year={2025},
  journal={Annals of Network and Information Security},
  note={Fecha de acceso: mayo 25, 2025, \url{https://internationalpubls.com/index.php/anvi/article/download/3909/2164/6842}}
}

@article{researchgate2024practical,
  title={{A Practical Byzantine Fault Tolerance Algorithms Based on Randomized Mean Clustering, Trust and Credibility}},
  author={ResearchGate},
  year={2024},
  journal={ResearchGate},
  note={Fecha de acceso: mayo 25, 2025, \url{https://www.researchgate.net/publication/378363094_A_Practical_Byzantine_Fault_Tolerance_Algorithms_Based_on_Randomized_Mean_Clustering_Trust_and_Credibility}}
}

@misc{geeksforgeeks2025byzantine,
  title={{Byzantine Failure in System Design}},
  author={GeeksforGeeks},
  year={2025},
  howpublished={GeeksforGeeks},
  note={Fecha de acceso: mayo 25, 2025, \url{https://www.geeksforgeeks.org/byzantine-failure-in-system-design/}}
}

@article{mdpi2024slotted,
  title={{Slotted ALOHA Based Practical Byzantine Fault Tolerance (PBFT) Blockchain Networks: Performance Analysis and Optimization}},
  author={MDPI},
  year={2024},
  journal={MDPI},
  note={Fecha de acceso: mayo 25, 2025, \url{https://www.mdpi.com/1424-8220/24/23/7688}}
}

@misc{devto2025open,
  title={{Open Source Funding for Educational Resources and Blockchain ...}},
  author={DEV Community},
  year={2025},
  howpublished={DEV Community},
  note={Fecha de acceso: mayo 25, 2025, \url{https://dev.to/laetitiaperraut/open-source-funding-for-educational-resources-and-blockchain-based-project-funding-a-new-paradigm-21kk}}
}

@misc{weforum2024how,
  title={{How universities can use blockchain to transform research}},
  author={World Economic Forum},
  year={2024},
  howpublished={World Economic Forum},
  note={Fecha de acceso: mayo 25, 2025, \url{https://www.weforum.org/stories/2024/03/higher-education-universities-blockchain-transform-research/}}
}

@misc{observablehq2025observable,
  title={{Observable: Explore and visualize data together}},
  author={Observable},
  year={2025},
  howpublished={Observable},
  note={Fecha de acceso: mayo 25, 2025, \url{https://observablehq.com/}}
}

@misc{arxiv2025twofold,
  title={{Two-Fold Byzantine Fault Tolerance Algorithm: Byzantine Consensus in Blockchain}},
  author={arXiv},
  year={2025},
  howpublished={arXiv},
  note={Fecha de acceso: mayo 25, 2025, \url{https://arxiv.org/html/2504.16267v1}}
}

@article{philarchive2025blockchainenabled,
  title={{Blockchain-Enabled Security for Distributed Cyber- Physical Systems Using Practical Byzantine Fault Tolerance (PBFT)}},
  author={PhilArchive},
  year={2025},
  journal={PhilArchive},
  note={Fecha de acceso: mayo 25, 2025, \url{https://philarchive.org/archive/SIDBSF}}
}

@article{mdpi2025sustainable,
  title={{Sustainable Consensus Algorithms Applied to Blockchain: A Systematic Literature Review}},
  author={MDPI},
  year={2025},
  journal={MDPI},
  note={Fecha de acceso: mayo 25, 2025, \url{https://www.mdpi.com/2071-1050/16/23/10552}}
}

@misc{arxiv2020blockchain,
  title={{[2001.07091] Blockchain Consensus Algorithms: A Survey}},
  author={arXiv},
  year={2020},
  howpublished={arXiv},
  note={Fecha de acceso: mayo 25, 2025, \url{https://arxiv.org/abs/2001.07091}}
}

@article{researchgate2022blockchain,
  title={{Blockchain Consensus Algorithms: A Survey}},
  author={ResearchGate},
  year={2022},
  journal={ResearchGate},
  note={Fecha de acceso: mayo 25, 2025, \url{https://www.researchgate.net/publication/366948746_Blockchain_Consensus_Algorithms_A_Survey}}
}

@misc{arxiv2025blockchaintechnology,
  title={{Blockchain Technology: Core Mechanisms, Evolution, and Future Implementation Challenges}},
  author={arXiv},
  year={2025},
  howpublished={arXiv},
  note={Fecha de acceso: mayo 25, 2025, \url{https://arxiv.org/html/2505.08772v1}}
}

@misc{arxiv2025empirical,
  title={{Empirical Evaluation and Scalability Analysis of Proof of Team Sprint (PoTS): Reward Fairness, Energy Efficiency, and System Stability}},
  author={arXiv},
  year={2025},
  howpublished={arXiv},
  note={Fecha de acceso: mayo 25, 2025, \url{https://arxiv.org/pdf/2503.19289}}
}

@article{tandfonline2024intelligent,
  title={{Full article: An intelligent cyber-physical system based-consensus algorithm for sustainable edge service provisioning in 6G-based IIoT applications}},
  author={Taylor & Francis Online},
  year={2024},
  journal={Intelligent Automation & Soft Computing},
  note={Fecha de acceso: mayo 25, 2025, \url{https://www.tandfonline.com/doi/full/10.1080/23335777.2024.2449347?af=R}}
}

@misc{appinventiv2025analysis,
  title={{Analysis of the Blockchain Consensus Algorithms}},
  author={Appinventiv},
  year={2025},
  howpublished={Appinventiv},
  note={Fecha de acceso: mayo 25, 2025, \url{https://appinventiv.com/blog/blockchain-consensus-algorithms-guide/}}
}

@misc{webisoft2025blockchaintechnology,
  title={{Blockchain Technology: A Details Explanation to Explore Blockchain}},
  author={Webisoft},
  year={2025},
  howpublished={Webisoft},
  note={Fecha de acceso: mayo 25, 2025, \url{https://webisoft.com/articles/blockchain-technology/}}
}

@article{combinatorialpress2025blockchainapplications,
  title={{Blockchain Applications and Challenges in Cross- Institutional Educational Evaluation Data Sharing}},
  author={Combinatorial Press},
  year={2025},
  journal={Journal of Combinatorics, Information & System Sciences},
  note={Fecha de acceso: mayo 25, 2025, \url{https://combinatorialpress.com/article/jcmcc/Volume%20127/127b/blockchain-applications-and-challenges-in-cross-institutional-educational-evaluation-data-sharing.pdf}}
}

@article{combinatorialpress2025application,
  title={{Application of blockchain technology in teaching evaluation in applied technology universities}},
  author={Combinatorial Press},
  year={2025},
  journal={Journal of Combinatorics, Information & System Sciences},
  note={Fecha de acceso: mayo 25, 2025, \url{https://combinatorialpress.com/article/jcmcc/Volume%20123/application-of-blockchain-technology-in-teaching-evaluation-in-applied-technology-universities.pdf}}
}

@misc{arxiv2022reaching,
  title={{Reaching Consensus in the Byzantine Empire: A Comprehensive Review of BFT Consensus Algorithms}},
  author={arXiv},
  year={2022},
  howpublished={arXiv},
  note={Fecha de acceso: mayo 25, 2025, \url{https://arxiv.org/html/2204.03181v3}}
}