% Bibliografia actualizada - Solo referencias utilizadas en el documento

@article{odu20255g,
  title={{5G-Practical Byzantine Fault Tolerance: An Improved PBFT Consensus Algorithm for the 5G Network}},
  author={ODU Digital Commons},
  year={2025},
  journal={ODU Digital Commons},
  note={Fecha de acceso: mayo 25, 2025, \url{https://digitalcommons.odu.edu/cgi/viewcontent.cgi?article=1111&context=itds_facpubs}}
}

@misc{businesswire2025blockchain,
  title={{Blockchain Technology Market Report 2025-2030: Hybrid ...}},
  author={Business Wire},
  year={2025},
  howpublished={Business Wire},
  note={Fecha de acceso: mayo 25, 2025, \url{https://www.businesswire.com/news/home/20250313854857/en/Blockchain-Technology-Market-Report-2025-2030-Hybrid-Blockchain-Leads-Market-Expansion---Key-Use-Cases-Industry-Trends-to-2030---ResearchAndMarkets.com}}
}

@misc{charterglobal2025top,
  title={{Top Blockchain Trends for 2025: The Future of Digital Innovation}},
  author={Charter Global},
  year={2025},
  howpublished={Charter Global},
  note={Fecha de acceso: mayo 25, 2025, \url{https://www.charterglobal.com/blockchain-trends/}}
}

@misc{visa2025what,
  title={{What are Consensus Mechanisms?}},
  author={Mustafa Bedawala},
  year={2023},
  howpublished={Visa},
  note={Fecha de acceso: mayo 25, 2025, \url{https://usa.visa.com/solutions/crypto/consensus-mechanisms.html}}
}

@article{researchgate2025systematic,
  title={{(PDF) A Systematic Literature Review on Blockchain Consensus ...}},
  author={ResearchGate},
  year={2024},
  journal={ResearchGate},
  note={Fecha de acceso: mayo 25, 2025, \url{https://www.researchgate.net/publication/385669465_A_Systematic_Literature_Review_on_Blockchain_Consensus_Mechanisms'_Security_Applications_and_Open_Challenges}}
}

@article{researchgate2018towards,
  title={{(PDF) Towards a Survey of Interactive Visualization for Education}},
  author={ResearchGate},
  year={2018},
  journal={ResearchGate},
  note={Fecha de acceso: mayo 25, 2025, \url{https://www.researchgate.net/publication/329281755_Towards_a_Survey_of_Interactive_Visualization_for_Education}}
}

@techreport{stanford2025rodger,
  title={{RodgerSusanDuke.pdf}},
  author={Stanford University},
  year={2025},
  institution={Stanford University},
  note={Fecha de acceso: mayo 25, 2025, \url{https://stacks.stanford.edu/file/druid:mn485tg1952/RodgerSusanDuke.pdf}}
}

@misc{chronicle2025impact,
  title={{The Impact of Socialization and Tacit Knowledge on Blockchain ...}},
  author={The Chronicle of Higher Education},
  year={2025},
  howpublished={The Chronicle of Higher Education},
  note={Fecha de acceso: mayo 25, 2025, \url{https://sponsored.chronicle.com/the-impact-of-socialization-and-tacit-knowledge-on-blockchain-education/index.html}}
}

@misc{github2025jiechen257,
  title={{jiechen257/blockchain-visualizer: An interactive web tool ...}},
  author={GitHub - jiechen257},
  year={2025},
  howpublished={GitHub},
  note={Fecha de acceso: mayo 25, 2025, \url{https://github.com/jiechen257/blockchain-visualizer}}
}

@misc{raftgithub2025raft,
  title={{Raft Consensus Algorithm}},
  author={Raft Consensus Algorithm},
  year={2025},
  howpublished={raft.github.io},
  note={Fecha de acceso: mayo 25, 2025, \url{https://raft.github.io/}}
}
