% Referencias adicionales extraídas de PropuestaSolucion.md
% Conversión a formato BibTeX de las citas más relevantes

@article{castro1999practical,
    title={Practical Byzantine fault tolerance},
    author={Castro, Miguel and Liskov, Barbara},
    journal={ACM Transactions on Computer Systems},
    volume={17},
    number={4},
    pages={398--461},
    year={1999},
    publisher={ACM},
    url={https://pmg.csail.mit.edu/papers/osdi99.pdf}
}

@article{king2012ppcoin,
    title={PPCoin: Peer-to-peer crypto-currency with proof-of-stake},
    author={King, Sunny and Nadal, Scott},
    journal={Self-published paper},
    year={2012},
    url={https://decred.org/research/king2012.pdf}
}

@inproceedings{ambrosini2022visualization,
    title={Visualization of Blockchain Consensus Degradation},
    author={Ambrosini, Luca and others},
    booktitle={IEEE International Conference on Blockchain and Cryptocurrency (ICBC)},
    year={2022},
    organization={IEEE},
    url={https://www.zora.uzh.ch/id/eprint/257032/1/Ambrosini_etal_ICBC_2022_paper_Visualization_Blockchain_Consensus_Degradation.pdf}
}

@article{blockchain_consensus_comparison_fog,
    title={Blockchain consensus mechanisms comparison in fog computing: A systematic review},
    author={Various Authors},
    journal={Research Publication},
    year={2024},
    url={https://www.researchgate.net/publication/378441739_Blockchain_consensus_mechanisms_comparison_in_fog_computing_A_systematic_review}
}

@article{pbft_evolution_optimization,
    title={The Evolution and Optimization Strategies of a PBFT Consensus Algorithm for Consortium Blockchains},
    author={Various Authors},
    journal={MDPI Information},
    volume={16},
    number={4},
    pages={268},
    year={2025},
    publisher={MDPI},
    url={https://www.mdpi.com/2078-2489/16/4/268}
}

@article{blockchain_pharmaceutical_validation,
    title={Blockchain Integration in Pharmaceutical Validation: A Future Perspective},
    author={Various Authors},
    journal={ResearchGate Publication},
    year={2024},
    url={https://www.researchgate.net/publication/389562558_Blockchain_Integration_in_Pharmaceutical_Validation_A_Future_Perspective}
}

@article{pbft_microgrid_trading,
    title={A secure and highly efficient blockchain PBFT consensus algorithm for microgrid power trading},
    author={Various Authors},
    journal={PMC - PubMed Central},
    year={2025},
    url={https://pmc.ncbi.nlm.nih.gov/articles/PMC11004026/}
}

@article{blockchain_data_analytics_review,
    title={Blockchain Data Analytics: Review and Challenges},
    author={Various Authors},
    journal={arXiv preprint},
    year={2025},
    url={https://arxiv.org/pdf/2503.09165}
}

@article{blockchain_consensus_bibliometric,
    title={Blockchain Consensus Mechanisms: A Bibliometric Analysis (2014–2024) Using VOSviewer and R Bibliometrix},
    author={Various Authors},
    journal={MDPI Information},
    volume={15},
    number={10},
    pages={644},
    year={2025},
    publisher={MDPI},
    url={https://www.mdpi.com/2078-2489/15/10/644}
}

@misc{consensus_mechanisms_rapidinnovation,
    title={Blockchain Consensus Mechanisms: Complete Guide | PoW to Emerging Models},
    author={Rapid Innovation},
    year={2025},
    url={https://www.rapidinnovation.io/post/consensus-mechanisms-in-blockchain-proof-of-work-vs-proof-of-stake-and-beyond}
}

@misc{pos_application_challenges,
    title={The Application of Proof of Stake: Advantages, Challenges and Future Development},
    author={ITM Web of Conferences},
    year={2025},
    url={https://www.itm-conferences.org/articles/itmconf/pdf/2025/04/itmconf_iwadi2024_03013.pdf}
}

@misc{pbft_visualization_blog,
    title={PBFT Visualization},
    author={Mayurin, C.},
    year={2025},
    url={https://cmayurin.github.io/Visualization-PBFT-Blog/}
}

@misc{bonaparte_interactive_consensus,
    title={Bonaparte's Interactive Consensus Mechanisms},
    year={2025},
    url={https://bonapartes-interactive-consensus-mechanisms.vercel.app/}
}

@misc{raft_consensus_simulator,
    title={Raft Consensus Simulator},
    author={Ng, Zihou},
    publisher={Observable},
    year={2025},
    url={https://observablehq.com/@stwind/raft-consensus-simulator}
}

@article{paxos_visualization_stanford,
    title={The Paxos Algorithm, When Visualized, is Actually Pretty Simple},
    author={Stanford CS244B},
    institution={Stanford University},
    year={2020},
    url={https://www.scs.stanford.edu/20sp-cs244b/projects/Paxos%20Visualization.pdf}
}

@article{simblock_enhancement,
    title={SimBlock Simulator Enhancement with Difficulty Level Algorithm},
    author={Various Authors},
    journal={PMC - PubMed Central},
    year={2025},
    url={https://pmc.ncbi.nlm.nih.gov/articles/PMC9737533/}
}

@misc{blockchain_simulators_mapping,
    title={Blockchain Simulators: A Systematic Mapping Study},
    author={Various Authors},
    publisher={Semantic Scholar},
    year={2025},
    url={https://www.semanticscholar.org/paper/4e910317247c7c08ab0b7b55a6ac5e9a7230b555}
}

@misc{blockchain_consensus_raspberry_pi,
    title={Blockchain consensus in a box: blockchain consensus visualization using Raspberry Pi's},
    publisher={EXP Science},
    year={2025},
    url={https://www.exp.science/funded-projects/blockchain-consensus-in-a-box-blockchain-consensus-visualization-using-raspberry-pis}
}

@article{ai_blockchain_security_attacks,
    title={An AI-Enabled Blockchain Algorithm: A Novel Approach to Counteract Blockchain Network Security Attacks},
    author={Various Authors},
    journal={ResearchGate},
    year={2024},
    url={https://www.researchgate.net/publication/379132171_An_AI-Enabled_Blockchain_Algorithm_A_Novel_Approach_to_Counteract_Blockchain_Network_Security_Attacks}
}

@misc{quicknode_blockchain_visualization,
    title={Visualizing Real-Time Blockchain Data With Streams and React},
    publisher={QuickNode Guides},
    year={2025},
    url={https://www.quicknode.com/guides/quicknode-products/streams/visualizing-streams-data-with-react}
}

@misc{d3js_react_comprehensive_guide,
    title={A Comprehensive Guide to Using D3.js in React},
    publisher={InfluxData},
    year={2025},
    url={https://www.influxdata.com/blog/guide-d3js-react/}
}

@misc{ey_blockchain_analyzer,
    title={EY Blockchain Analyzer: Explorer \& Visualizer},
    publisher={Ernst \& Young},
    year={2025},
    url={https://www.ey.com/en_us/services/blockchain/platforms/explorer-visualizer}
}

@misc{kaleido_block_explorer,
    title={Block Explorer, Consensus Algorithms, Rotate Signers, \& Nodes},
    publisher={Kaleido},
    year={2025},
    url={https://www.kaleido.io/resources/block-explorer-consensus-algorithms-rotate-signers-and-nodes}
}

@article{distributed_consensus_bipartite,
    title={Distributed Average Consensus Algorithms in d-Regular Bipartite Graphs: Comparative Study},
    author={Various Authors},
    journal={MDPI Future Internet},
    volume={15},
    number={5},
    pages={183},
    year={2025},
    publisher={MDPI},
    url={https://www.mdpi.com/1999-5903/15/5/183}
}

@article{raft_consensus_simplicity,
    title={Raft Consensus Algorithm: Simplicity and Robustness in Distributed Systems},
    author={Various Authors},
    journal={EA Journals - EJCSIT},
    year={2025},
    url={https://eajournals.org/ejcsit/wp-content/uploads/sites/21/2025/05/Raft-Consensus-Algorithm.pdf}
}

@article{hotstuff_improvement,
    title={Improved Fast-Response Consensus Algorithm Based on HotStuff},
    author={Various Authors},
    journal={PMC - PubMed Central},
    year={2025},
    url={https://pmc.ncbi.nlm.nih.gov/articles/PMC11360094/}
}
